<?xml version="1.0" encoding="UTF-8"?><collection xmlns="http://www.loc.gov/MARC21/slim"><record><leader>00630nam--2200193-i-4500</leader><controlfield tag="001">000048647</controlfield><controlfield tag="002">20161230</controlfield><controlfield tag="005">20161230201047</controlfield><controlfield tag="008">060222s1000------------r-----000-0-eng-d</controlfield><datafield ind1=" " ind2=" " tag="020"><subfield code="a">0854981063</subfield></datafield><datafield ind1=" " ind2=" " tag="040"><subfield code="a">IFIN-HH</subfield></datafield><datafield ind1=" " ind2=" " tag="080"><subfield code="a">539.12.04(061.3):539.2</subfield></datafield><datafield ind1="1" ind2=" " tag="110"><subfield code="a">Institute Of Physics, England</subfield></datafield><datafield ind1="1" ind2="0" tag="245"><subfield code="a">Radiation damage and defects in semiconductors</subfield><subfield code="b">Proceedings of the international conference held at university of reading 19-21 july 1972</subfield></datafield><datafield ind1=" " ind2=" " tag="260"><subfield code="a">London</subfield><subfield code="b">The Institute Of Physics</subfield><subfield code="c">1973</subfield></datafield><datafield ind1=" " ind2=" " tag="300"><subfield code="a">XI+458P</subfield></datafield><datafield ind1=" " ind2=" " tag="490"><subfield code="a">Conference Series</subfield><subfield code="v">Number 16</subfield></datafield><datafield ind1=" " ind2=" " tag="852"><subfield code="a">45677</subfield><subfield code="c">539.2</subfield></datafield><datafield ind1=" " ind2=" " tag="CAT"><subfield code="a">Sys</subfield><subfield code="c">20121026</subfield><subfield code="h">131311</subfield></datafield></record></collection>